# Tips:
# https://www.getbibtex.com/ to Generate BibTeX from URL

@misc{huggingfaceMixtureExperts,
	author = {},
	title = {{M}ixture of {E}xperts {E}xplained --- huggingface.co},
	howpublished = {\url{https://huggingface.co/blog/moe}},
	year = {},
	note = {[Accessed 20-10-2024]},
}

@misc{pytorch,
  title = {{P}y{T}orch},
  howpublished = {\url{https://pytorch.org/}},
  note = {[Accessed 20-10-2024]},
}

@misc{huggingfaceMixtureExperts,
  author = {},
  title = {{M}ixture of {E}xperts {E}xplained --- huggingface.co},
  howpublished = {\url{https://huggingface.co/blog/moe}},
  year = {},
  note = {[Accessed 20-10-2024]},
}

@misc{torchvision,
  title = {{T}orchvision},
  howpublished = {\url{https://pytorch.org/vision/stable/index.html}},
  note = {[Accessed 20-10-2024]},
}

@article{shazeer2017outrageously,
  title={Outrageously large neural networks: The sparsely-gated mixture-of-experts layer},
  author={Shazeer, Noam and others},
  journal={arXiv preprint arXiv:1701.06538},
  year={2017}
}

@article{vaswani2017attention,
  title={Attention is all you need},
  author={Vaswani, Ashish and others},
  journal={Advances in neural information processing systems},
  volume={30},
  year={2017}
}

@article{hendrycks2020gaussian,
  title={Gaussian error linear units (GELU)},
  author={Hendrycks, Dan and Gimpel, Kevin},
  journal={arXiv preprint arXiv:1606.08415},
  year={2020}
}

@misc{mlflow,
  title = {{MLFlow}},
  howpublished = {\url{https://mlflow.org/}},
  note = {[Accessed 20-10-2024]},
}

@misc{dagshub,
  title = {{DAGsHub}},
  howpublished = {\url{https://dagshub.com/}},
  note = {[Accessed 20-10-2024]},
}

@misc{lecun1998mnist,
  author = {LeCun, Yann and Cortes, Corinna and Burges, CJ},
  title = {MNIST handwritten digit database},
  year = {1998},
  howpublished = {\url{http://yann.lecun.com/exdb/mnist}},
  note = {[Accessed 20-10-2024]},
}

@article{hendrycks2016gaussian,
  title={Gaussian error linear units (gelus)},
  author={Hendrycks, Dan and Gimpel, Kevin},
  journal={arXiv preprint arXiv:1606.08415},
  year={2016}
}

@article{dosovitskiy2020image,
  title={An image is worth 16x16 words: Transformers for image recognition at scale},
  author={Dosovitskiy, Alexey},
  journal={arXiv preprint arXiv:2010.11929},
  year={2020}
}
